<?xml version="1.0" encoding="UTF-8"?><record xmlns="http://www.loc.gov/MARC21/slim" xmlns:cinclude="http://apache.org/cocoon/include/1.0" xmlns:zs="http://www.loc.gov/zing/srw/">
  <leader>00561cz  a2200157n  4500</leader>
  <controlfield tag="001">no2005086357</controlfield>
  <controlfield tag="003">DLC</controlfield>
  <controlfield tag="005">20130329075135.0</controlfield>
  <controlfield tag="008">050831n| azannaabn          |n aaa     c</controlfield>
  <datafield tag="010" ind1=" " ind2=" ">
    <subfield code="a">no2005086357</subfield>
  </datafield>
  <datafield tag="035" ind1=" " ind2=" ">
    <subfield code="a">(OCoLC)oca06734488</subfield>
  </datafield>
  <datafield tag="040" ind1=" " ind2=" ">
    <subfield code="a">NjP</subfield>
    <subfield code="b">eng</subfield>
    <subfield code="e">rda</subfield>
    <subfield code="c">NjP</subfield>
    <subfield code="d">NjP</subfield>
    <subfield code="d">DNLM</subfield>
  </datafield>
  <datafield tag="046" ind1=" " ind2=" ">
    <subfield code="f">19480611</subfield>
  </datafield>
  <datafield tag="100" ind1="1" ind2=" ">
    <subfield code="a">Altıntaş, Ayten</subfield>
  </datafield>
  <datafield tag="670" ind1=" " ind2=" ">
    <subfield code="a">İbn-i Şerif. Yâdigâr, 2003-2004:</subfield>
    <subfield code="b">v. 1, t.p. verso (Prof. Dr. Ayten Altıntaş)</subfield>
  </datafield>
  <datafield tag="670" ind1=" " ind2=" ">
    <subfield code="a">Osmanlı hekimlerinin sağlık kuralları, 2012:</subfield>
    <subfield code="b">t.p. (Prof. Dr. Ayten Altıntaş) p. 176 (b. June 11, 1948 in Tokat)</subfield>
  </datafield>
</record>